

@article{bibex,
  title   = {Cómo escribir TFG},
  journal = {IEEE Informática},
  author  = {Autores},
  url     = {http://una.url},
  year    = {3081}
}

@manual{DockerComposeDocs,
  author   = {Docker Compose Team},
  keywords = {documentation docker compose docker-compose up},
  title    = {Documentación oficial de Docker Compose up},
  url      = {https://docs.docker.com/engine/reference/commandline/compose_up/}
}

@manual{typescript_docs,
  author   = {Typescript Team},
  keywords = {typescript docs},
  title    = {Página principal Typescript},
  url      = {https://www.typescriptlang.org/}
}

@manual{nodejs_docs,
  author   = {Node.js Team},
  keywords = {Node.js docs},
  title    = {Página principal Node.js},
  url      = {https://nodejs.org/es}
}

@manual{deno_docs,
  author   = {Deno Team},
  keywords = {Deno docs},
  title    = {Página principal Deno},
  url      = {https://deno.com/runtime}
}

@manual{sveltekit_docs,
  author   = {SvelteKit Team},
  keywords = {SvelteKit docs},
  title    = {Página principal SvelteKit},
  url      = {https://kit.svelte.dev/}
}

@manual{svelte_docs,
  author   = {Svelte Team},
  keywords = {Svelte docs},
  title    = {Página principal Svelte},
  url      = {https://svelte.dev/}
}

@manual{tailwind_docs,
  author   = {Tailwind Team},
  keywords = {Tailwind docs},
  title    = {Página principal Tailwind},
  url      = {https://tailwindcss.com/}
}

@manual{playwright_docs,
  author   = {Playwright Team},
  keywords = {Playwright docs},
  title    = {Página principal Playwright},
  url      = {https://playwright.dev/}
}


@manual{playwright_lib_error,
  author   = {Burn0ut y Joshua Pinter},
  keywords = {Playwright, error, libreria},
  title    = {Solución al problema de librerías en Ubuntu},
  url      = {https://askubuntu.com/a/310}
}


@manual{so_survey,
  title    = {Encuesta, StackOverflow, 2022},
  author   = {StackOverflow},
  url      = {https://survey.stackoverflow.co/2022/},
  keywords = {stackoverflow survey}
}


@manual{Oetiker2007,
  author   = {Oetiker, Tobias and Partl, Hubert and Hyna, Irene and Schlegl, Elisabeth},
  keywords = {documentation latex reference typesetting},
  month    = {June},
  note     = {Version 4.22},
  title    = {The Not So Short Introduction to LaTeX},
  url      = {http://tobi.oetiker.ch/lshort/lshort.pdf},
  year     = 2007
}

@article{mitchell,
  title     = {Social networks},
  author    = {Mitchell, J Clyde},
  journal   = {Annual review of anthropology},
  volume    = {3},
  number    = {1},
  pages     = {279--299},
  year      = {1974},
  publisher = {Annual Reviews 4139 El Camino Way, PO Box 10139, Palo Alto, CA 94303-0139, USA}
}

@inproceedings{fortune,
  title     = {Efficient exact arithmetic for computational geometry},
  author    = {Fortune, Steven and Van Wyk, Christopher J},
  booktitle = {Proceedings of the Ninth Annual Symposium on Computational Geometry},
  pages     = {163--172},
  year      = {1993}
}

@article{fortuneB,
  title     = {Voronoi diagrams and Delaunay triangulations},
  author    = {Fortune, Steven},
  journal   = {Computing in Euclidean geometry},
  pages     = {225--265},
  year      = {1995},
  publisher = {World Scientific}
}

@book{giaquinta,
  title     = {Calculus of variations II},
  author    = {Giaquinta, Mariano and Hildebrandt, Stefan},
  volume    = {311},
  year      = {2013},
  publisher = {Springer Science and Business Media}
}

@book{morrey,
  title     = {Multiple integrals in the calculus of variations},
  author    = {Morrey Jr, Charles Bradfield},
  year      = {2009},
  publisher = {Springer Science and Business Media}
}

@Comment{jabref-meta: databaseType:bibtex;}
